% How to cite webpage: https://tex.stackexchange.com/questions/3587/how-can-i-use-bibtex-to-cite-a-web-page
@misc{nyctaxi,
  title = {TLC Trip Record Data},
  author = {{New York Taxi and Limousine Commission}},
  year = {2018-2019},
  howpublished = {\url{https://www1.nyc.gov/site/tlc/about/tlc-trip-record-data.page}},
  note = {Accessed: 2022-08-21}
}
@misc{taxistrive,
  title = {As Uber and Lyft fares surge, NYC taxis are becoming popular again},
  author = {{Akhtar, Allana}},
  year = {2021},
  howpublished = {\url{https://www.businessinsider.com/e-hailing-taxis-curb-increasing-faster-than-uber-lyft-nyc-2021-8}},
  note = {Accessed: 2022-08-21}
}
@misc{taxi1,
  title = {Should Taxi Medallion Owners Be Compensated?},
  year = {2014},
  author = {{Doren, Peter Van}},
  howpublished = {\url{https://www.cato.org/blog/should-taxi-medallion-owners-be-compensated}},
  note = {Accessed: 2022-08-21}
}
@misc{rf,
  title = {Random decision forests},
  author = {{Ho, T. K.}},
  year= {1995},
  howpublished = {In Proceedings of 3rd international conference on document analysis and recognition (Vol. 1, pp. 278â€“282)}},
  note = {Accessed: 2022-08-21}
}
@misc{mlr,
  title = {Strong Consistency of Least Squares Estimates in Multiple Regression},
  author = {{T. L. Lai, Herbert Robbins and C. Z. Wei}},
  year = {1978},
  howpublished = {Proceedings of the National Academy of Sciences of the United States of America (Vol. 75, No. 7, pp. 3034-3036)}},
  note = {Accessed: 2022-08-21}
}
@misc{weather,
  title = {Integrated surface dataset},
  author = {{National Centers for Environmental Information}},
  year = {2018-2019},
  howpublished = {\url{https://www. ncei.noaa.gov/access/search/data-search/global-hourly}}},
  note = {Accessed: 2022-08-21}
}
@misc{school,
  title = {2018-19 School Year Calendar},
  author = {{New York Department of Education}},
  year = {2018-2019},
  howpublished = {\url{https://infohub.nyced.org/docs/default-source/default-document-library/school-calendar-2018-2019}}},
  note = {Accessed: 2022-08-21}
}
@misc{aic,
  title = {Canonical Correlation Analysis of Time Series and the Use of an Information Criterion},
  author = {{Akaike, H.}},
  year = {1976},
  howpublished = {\url{https://doi.org/10.1016/S0076-5392(08)60869-3}}},
  note = {Accessed: 2022-08-21}
}
% You should lookup the entries defined in bibtex to properly format your .bib file
